<?xml version="1.0" encoding="UTF-8"?><collection xmlns="http://www.loc.gov/MARC21/slim"><record><leader>00500nam--2200169-i-4500</leader><controlfield tag="001">000024703</controlfield><controlfield tag="002">20161230</controlfield><controlfield tag="005">20161230201035</controlfield><controlfield tag="008">060222s1000------------r-----000-0-eng-d</controlfield><datafield ind1=" " ind2=" " tag="040"><subfield code="a">IFIN-HH</subfield></datafield><datafield ind1=" " ind2=" " tag="080"><subfield code="a">532.516(043)</subfield></datafield><datafield ind1="1" ind2=" " tag="100"><subfield code="a">Hulsen, Martinus Antonius</subfield></datafield><datafield ind1="1" ind2="0" tag="245"><subfield code="a">Analysis and numerical simultation of the flow of viscoelastic fluids. dissertation</subfield><subfield code="c">Martinus antonius hulsen</subfield></datafield><datafield ind1=" " ind2=" " tag="260"><subfield code="a">Delft, Universiteit, 1988,</subfield></datafield><datafield ind1=" " ind2=" " tag="300"><subfield code="a">169 P</subfield></datafield><datafield ind1=" " ind2=" " tag="852"><subfield code="a">78724</subfield><subfield code="c">532</subfield></datafield><datafield ind1=" " ind2=" " tag="CAT"><subfield code="a">Sys</subfield><subfield code="c">20100902</subfield><subfield code="h">142550</subfield></datafield></record></collection>